@misc{hernan2010causal,
  title={Causal inference},
  author={Hern{\'a}n, Miguel A and Robins, James M},
  year={2010},
  publisher={CRC Boca Raton, FL}
}

@article{naimi2023defining,
  title={Defining and Identifying Average Treatment Effects},
  author={Naimi, Ashley I and Whitcomb, Brian W},
  journal={American Journal of Epidemiology},
  year={2023}
}

@article{pearl1995causal,
  title={Causal diagrams for empirical research},
  author={Pearl, Judea},
  journal={Biometrika},
  volume={82},
  number={4},
  pages={669--688},
  year={1995},
  publisher={Oxford University Press}
}

@article{fewell2007impact,
  title={The impact of residual and unmeasured confounding in epidemiologic studies: a simulation study},
  author={Fewell, Zoe and Davey Smith, George and Sterne, Jonathan AC},
  journal={American journal of epidemiology},
  volume={166},
  number={6},
  pages={646--655},
  year={2007},
  publisher={Oxford University Press}
}

@article{flanders2017new,
  title={A new method for partial correction of residual confounding in time-series and other observational studies},
  author={Flanders, W Dana and Strickland, Matthew J and Klein, Mitchel},
  journal={American journal of epidemiology},
  volume={185},
  number={10},
  pages={941--949},
  year={2017},
  publisher={Oxford University Press}
}

@article{tchetgen2014control,
  title={The control outcome calibration approach for causal inference with unobserved confounding},
  author={Tchetgen Tchetgen, Eric},
  journal={American journal of epidemiology},
  volume={179},
  number={5},
  pages={633--640},
  year={2014},
  publisher={Oxford University Press}
}

@article{sofer2016negative,
  title={On negative outcome control of unobserved confounding as a generalization of difference-in-differences},
  author={Sofer, Tamar and Richardson, David B and Colicino, Elena and Schwartz, Joel and Tchetgen, Eric J Tchetgen},
  journal={Statistical science: a review journal of the Institute of Mathematical Statistics},
  volume={31},
  number={3},
  pages={348},
  year={2016},
  publisher={NIH Public Access}
}

@article{lousdal2020negative,
  title={Negative controls to detect uncontrolled confounding in observational studies of mammographic screening comparing participants and non-participants},
  author={Lousdal, Mette Lise and Lash, Timothy L and Flanders, W Dana and Brookhart, M Alan and Kristiansen, Ivar S{\o}nb{\o} and Kalager, Mette and St{\o}vring, Henrik},
  journal={International Journal of Epidemiology},
  volume={49},
  number={3},
  pages={1032--1042},
  year={2020},
  publisher={Oxford University Press}
}

@article{schuemie2018empirical,
  title={Empirical confidence interval calibration for population-level effect estimation studies in observational healthcare data},
  author={Schuemie, Martijn J and Hripcsak, George and Ryan, Patrick B and Madigan, David and Suchard, Marc A},
  journal={Proceedings of the National Academy of Sciences},
  volume={115},
  number={11},
  pages={2571--2577},
  year={2018},
  publisher={National Acad Sciences}
}

@article{schuemie2016robust,
  title={Robust empirical calibration of p-values using observational data},
  author={Schuemie, Martijn J and Hripcsak, George and Ryan, Patrick B and Madigan, David and Suchard, Marc A},
  journal={Statistics in medicine},
  volume={35},
  number={22},
  pages={3883},
  year={2016},
  publisher={Wiley-Blackwell}
}

@article{shi2020multiply,
  title={Multiply robust causal inference with double-negative control adjustment for categorical unmeasured confounding},
  author={Shi, Xu and Miao, Wang and Nelson, Jennifer C and Tchetgen Tchetgen, Eric J},
  journal={Journal of the Royal Statistical Society Series B: Statistical Methodology},
  volume={82},
  number={2},
  pages={521--540},
  year={2020},
  publisher={Oxford University Press}
}

@article{shi2020selective,
  title={A selective review of negative control methods in epidemiology},
  author={Shi, Xu and Miao, Wang and Tchetgen, Eric Tchetgen},
  journal={Current epidemiology reports},
  volume={7},
  pages={190--202},
  year={2020},
  publisher={Springer}
}

@article{miao2018identifying,
  title={Identifying causal effects with proxy variables of an unmeasured confounder},
  author={Miao, Wang and Geng, Zhi and Tchetgen Tchetgen, Eric J},
  journal={Biometrika},
  volume={105},
  number={4},
  pages={987--993},
  year={2018},
  publisher={Oxford University Press}
}

@article{gruber2016limitations,
  title={Limitations of empirical calibration of p-values using observational data},
  author={Gruber, Susan and Tchetgen Tchetgen, Eric},
  journal={Statistics in medicine},
  volume={35},
  number={22},
  pages={3869--3882},
  year={2016},
  publisher={Wiley Online Library}
}

@article{jackson2006evidence,
  title={Evidence of bias in estimates of influenza vaccine effectiveness in seniors},
  author={Jackson, Lisa A and Jackson, Michael L and Nelson, Jennifer C and Neuzil, Kathleen M and Weiss, Noel S},
  journal={International journal of epidemiology},
  volume={35},
  number={2},
  pages={337--344},
  year={2006},
  publisher={Oxford University Press}
}

@article{lipsitch2010negative,
  title={Negative controls: a tool for detecting confounding and bias in observational studies},
  author={Lipsitch, Marc and Tchetgen, Eric Tchetgen and Cohen, Ted},
  journal={Epidemiology (Cambridge, Mass.)},
  volume={21},
  number={3},
  pages={383},
  year={2010},
  publisher={NIH Public Access}
}

@article{levintow2023pragmatic,
  title={Pragmatic considerations for negative control outcome studies to guide non-randomized comparative analyses: A narrative review},
  author={Levintow, Sara N and Nielson, Carrie M and Hernandez, Rohini K and Breskin, Alexander and Pritchard, David and Lash, Timothy L and Rothman, Kenneth J and Gilbertson, David and Muntner, Paul and Critchlow, Cathy and others},
  journal={Pharmacoepidemiology and Drug Safety},
  year={2023},
  publisher={Wiley Online Library}
}

@article{brookhart2010confounding,
  title={Confounding control in healthcare database research: challenges and potential approaches},
  author={Brookhart, M Alan and St{\"u}rmer, Til and Glynn, Robert J and Rassen, Jeremy and Schneeweiss, Sebastian},
  journal={Medical care},
  volume={48},
  number={6 0},
  pages={S114},
  year={2010},
  publisher={NIH Public Access}
}

@article{dormuth2009statin,
  title={Statin adherence and risk of accidents: a cautionary tale},
  author={Dormuth, Colin R and Patrick, Amanda R and Shrank, William H and Wright, James M and Glynn, Robert J and Sutherland, Jenny and Brookhart, M Alan},
  journal={Circulation},
  volume={119},
  number={15},
  pages={2051--2057},
  year={2009},
  publisher={Am Heart Assoc}
}

@article{gelman2006prior,
  author={Andrew Gelman},
  title={{Prior distributions for variance parameters in hierarchical models (comment on article by Browne and Draper)}},
  volume={1},
  journal={Bayesian Analysis},
  number={3},
  publisher={International Society for Bayesian Analysis},
  pages={515 -- 534},
  keywords={Bayesian inference, conditional conjugacy, folded-noncentral-$t$ distribution, half-$t$ distribution, hierarchical model, multilevel model, noninformative prior distribution, weakly informative prior distribution},
  year={2006},
  doi={10.1214/06-BA117A}
}
